<record><leader>01777cam a2200409 a 4500</leader><controlfield tag="001">1313584</controlfield><controlfield tag="008">900820s1985    ii       b   f  1 0 sanod</controlfield><datafield ind1=" " ind2=" " tag="010"><subfield code="a">   86902061 /SA</subfield></datafield><datafield ind1=" " ind2=" " tag="020"><subfield code="c">Rs90.00</subfield></datafield><datafield ind1=" " ind2=" " tag="025"><subfield code="a">I San 4977</subfield></datafield><datafield ind1=" " ind2=" " tag="035"><subfield code="a">ocm19456978</subfield></datafield><datafield ind1=" " ind2=" " tag="040"><subfield code="a">DLC</subfield><subfield code="b">eng</subfield><subfield code="c">DLC</subfield></datafield><datafield ind1="0" ind2=" " tag="041"><subfield code="a">sanhintib</subfield></datafield><datafield ind1=" " ind2=" " tag="049"><subfield code="a">AEU</subfield><subfield code="b">eng</subfield></datafield><datafield ind1="0" ind2="0" tag="050"><subfield code="a">BQ2910</subfield></datafield><datafield ind1="0" ind2=" " tag="090"><subfield code="a">BQ 2910 S94212 1985</subfield></datafield><datafield ind1="0" ind2=" " tag="100"><subfield code="a">N&#257;g&#257;rjuna,</subfield><subfield code="d">2nd century.</subfield></datafield><datafield ind1="1" ind2="0" tag="240"><subfield code="a">&#346;&#363;nyat&#257;saptati k&#257;rika.</subfield><subfield code="l">Polyglot</subfield></datafield><datafield ind1="1" ind2="0" tag="245"><subfield code="a">&#346;&#363;nyat&#257;saptati&#7717; =</subfield><subfield code="b">Sto&#7749; &#241;id bdun cu pa = &#346;&#363;nyat&#257;saptati&#7717; of &#256;rya N&#257;g&#257;rjuna /</subfield><subfield code="c">N&#257;g&#257;rjunapra&#7751;&#299;t&#257; ; svopaj&#241;avr&#805;tty&#257; samanvit&#257; ; Sa&#7747;skr&#805;ta-punaruddh&#257;raka, Hind&#299;-anuv&#257;daka, eva&#7747; samp&#257;daka Semp&#257; Dorje.</subfield></datafield><datafield ind1=" " ind2=" " tag="250"><subfield code="a">1st ed.</subfield></datafield><datafield ind1=" " ind2=" " tag="260"><subfield code="a">S&#257;ran&#257;tha, V&#257;r&#257;&#7751;asi :</subfield><subfield code="b">Kendr&#299;ya Ucca Tibbat&#299;-&#346;iksh&#257;-Sa&#7747;sth&#257;na,</subfield><subfield code="c">1985.</subfield></datafield><datafield ind1=" " ind2=" " tag="300"><subfield code="a">iv, 2, 20, 75, 84 p. ;</subfield><subfield code="c">25 cm.</subfield></datafield><datafield ind1=" " ind2=" " tag="336"><subfield code="a">text</subfield><subfield code="b">txt</subfield><subfield code="2">rdacontent</subfield></datafield><datafield ind1=" " ind2=" " tag="337"><subfield code="a">unmediated</subfield><subfield code="b">n</subfield><subfield code="2">rdamedia</subfield></datafield><datafield ind1=" " ind2=" " tag="338"><subfield code="a">volume</subfield><subfield code="b">nc</subfield><subfield code="2">rdacarrier</subfield></datafield><datafield ind1="1" ind2=" " tag="490"><subfield code="a">Bibliotheca Indo-Tibetica ;</subfield><subfield code="v">8 =</subfield><subfield code="a">Bho&#7789;a-Bh&#257;rat&#299;ya grantham&#257;l&#257; ;</subfield><subfield code="v">8</subfield></datafield><datafield ind1=" " ind2=" " tag="500"><subfield code="a">In Sanskrit; translation and prefatory matter in Hindi and Tibetan.</subfield></datafield><datafield ind1=" " ind2=" " tag="500"><subfield code="a">"500 copies"--T.p. verso.</subfield></datafield><datafield ind1=" " ind2=" " tag="504"><subfield code="a">Includes bibliographical references and index.</subfield></datafield><datafield ind1=" " ind2=" " tag="520"><subfield code="a">Verse work on the M&#257;dhyamika philosophy, with autocommentary; Sanskrit text reconstructed from Tibetan translation.</subfield></datafield><datafield ind1=" " ind2=" " tag="596"><subfield code="a">43</subfield></datafield><datafield ind1=" " ind2="0" tag="650"><subfield code="a">M&#257;dhyamika (Buddhism)</subfield><subfield code="v">Early works to 1800.</subfield></datafield><datafield ind1="0" ind2=" " tag="700"><subfield code="a">Semp&#257; Dorje.</subfield></datafield><datafield ind1="0" ind2=" " tag="740"><subfield code="a">Sto&#7749; &#241;id bdun cu pa.</subfield></datafield><datafield ind1="0" ind2=" " tag="740"><subfield code="a">&#346;unyat&#257;saptati&#7717; of &#256;rya N&#257;g&#257;rjuna.</subfield></datafield><datafield ind1=" " ind2="0" tag="830"><subfield code="a">Bho&#7789;a-Bh&#257;rat&#299;ya grantham&#257;l&#257; ;</subfield><subfield code="v">8.</subfield></datafield><datafield ind1=" " ind2=" " tag="926"><subfield code="a">BQ 2910 S94212 1985</subfield><subfield code="w">LC</subfield><subfield code="c">1</subfield><subfield code="i">000033685710</subfield><subfield code="d">12/12/2001</subfield><subfield code="l">ON_SHELF</subfield><subfield code="m">UAHSS</subfield><subfield code="n">5</subfield><subfield code="p">$150.00</subfield><subfield code="r">Y</subfield><subfield code="s">Y</subfield><subfield code="t">BOOK</subfield><subfield code="u">8/27/1990</subfield></datafield></record>